@article{bar2013composite,
  title={A Composite Model for Computing Similarity Between Texts},
  author={B{\"a}r, Daniel},
  year={2013},
  publisher={TU Darmstadt}
}

@article{islam2008semantic,
  title={Semantic text similarity using corpus-based word similarity and string similarity},
  author={Islam, Aminul and Inkpen, Diana},
  journal={ACM Transactions on Knowledge Discovery from Data (TKDD)},
  year={2008},
  publisher={ACM}
}

@article{jiang1997semantic,
  title={Semantic similarity based on corpus statistics and lexical taxonomy},
  author={Jiang, Jay J and Conrath, David W},
  year={1997}
}

@article{wise1993string,
  title={String similarity via greedy string tiling and running Karp-Rabin matching},
  author={Wise, Michael J},
  year={1993}
}

@inproceedings{strube2006wikirelate,
  title={WikiRelate! Computing semantic relatedness using Wikipedia},
  author={Strube, Michael and Ponzetto, Simone Paolo},
  booktitle={AAAI},
  volume={6},
  pages={1419--1424},
  year={2006}
}

@article{bank2008calculating,
  title={Calculating the jaccard similarity coefficient with map reduce for entity pairs in wikipedia},
  author={Bank, Jacob and Cole, Benjamin},
  journal={Wikipedia Similarity Team},
  year={2008},
  publisher={Citeseer}
}

@article{Agirre2009ta,
author = {Agirre, Eneko and Alfonseca, Enrique and Hall, Keith and Kravalova, Jana and Pasca, Marius and Soroa, Aitor},
title = {{A Study on Similarity and Relatedness using Distributional and WordNet-based Approaches}},
year = {2009}
}

@article{Turney:2010tn,
author = {Turney, Peter D and Pantel, Patrick},
title = {{From Frequency to Meaning: Vector Space Models of Semantics 
}},
year = {2010}
}

@article{Deerwester1990vi,
author = {Deerwester, Scott and Dumals, Susan T and Furnas, George W and Landauer, Thomas K and Harshman, Richard},
title = {{Indexing by Latent Semantic Analysis}},
year = {1990}
}

@article{landauer1998introduction,
  title={An introduction to latent semantic analysis},
  author={Landauer, Thomas K and Foltz, Peter W and Laham, Darrell},
  journal={Discourse processes},
  volume={25},
  number={2-3},
  pages={259--284},
  year={1998},
  publisher={Taylor \& Francis}
}

@article{Blei:2003,
author = {Blei, David M and Ng, Andrew Y and Jordan, Michael I},
title = {{Latent Dirichlet Allocation}},
year = {2003}
}

@article{blei2006correlated,
  title={Correlated topic models},
  author={Blei, David and Lafferty, John},
  journal={Advances in neural information processing systems},
  volume={18},
  pages={147},
  year={2006},
  publisher={MIT; 1998}
}

@article{Blei:2008wy,
author = {Blei, David M and McAuliffe, Jon D},
title = {{Supervised topic models}},
year = {2008},
pages = {1--8},
month = jan
}

@inproceedings{ramage2009labeled,
  title={Labeled LDA: A supervised topic model for credit attribution in multi-labeled corpora},
  author={Ramage, Daniel and Hall, David and Nallapati, Ramesh and Manning, Christopher D},
  booktitle={Proceedings of the 2009 Conference on Empirical Methods in Natural Language Processing: Volume 1-Volume 1},
  pages={248--256},
  year={2009},
  organization={Association for Computational Linguistics}
}

@inproceedings{perotte2011hierarchically,
  title={Hierarchically supervised latent Dirichlet allocation},
  author={Perotte, Adler J and Wood, Frank and Elhadad, Noemie and Bartlett, Nicholas},
  booktitle={Advances in Neural Information Processing Systems},
  pages={2609--2617},
  year={2011}
}

@inproceedings{sivic2008unsupervised,
  title={Unsupervised discovery of visual object class hierarchies},
  author={Sivic, Josef and Russell, Bryan C and Zisserman, Andrew and Freeman, William T and Efros, Alexei A},
  booktitle={Computer Vision and Pattern Recognition, 2008. CVPR 2008. IEEE Conference on},
  pages={1--8},
  year={2008},
  organization={IEEE}
}

@article{pedersen2007measures,
  title={Measures of semantic similarity and relatedness in the biomedical domain},
  author={Pedersen, Ted and Pakhomov, Serguei VS and Patwardhan, Siddharth and Chute, Christopher G},
  journal={Journal of biomedical informatics},
  volume={40},
  number={3},
  pages={288--299},
  year={2007},
  publisher={Elsevier}
}

@inproceedings{rehurek_lrec,
      title = {{Software Framework for Topic Modelling with Large Corpora}},
      author = {Radim {\v R}eh{\r u}{\v r}ek and Petr Sojka},
      booktitle = {{Proceedings of the LREC 2010 Workshop on New
           Challenges for NLP Frameworks}},
      pages = {45--50},
      year = 2010,
      month = May,
      day = 22,
      publisher = {ELRA}
}

@misc{zipf1950human,
  title={Human behavior and the principle of least effort},
  author={Zipf, George K},
  year={1950},
  publisher={JOHN WILEY \& SONS INC 111 RIVER ST, HOBOKEN, NJ 07030 USA}
}

@article{liu2009learning,
  title={Learning to rank for information retrieval},
  author={Liu, Tie-Yan},
  journal={Foundations and Trends in Information Retrieval},
  volume={3},
  number={3},
  pages={225--331},
  year={2009},
  publisher={Now Publishers Inc.}
}

@inproceedings{rohrbach2010helps,
  title={What helps where--and why? semantic relatedness for knowledge transfer},
  author={Rohrbach, Marcus and Stark, Michael and Szarvas, Gy{\"o}rgy and Gurevych, Iryna and Schiele, Bernt},
  booktitle={Computer Vision and Pattern Recognition (CVPR), 2010 IEEE Conference on},
  pages={910--917},
  year={2010},
  organization={IEEE}
}


@inproceedings{gracia2008web,
  title={Web-based measure of semantic relatedness},
  author={Gracia, Jorge and Mena, Eduardo},
  booktitle={International Conference on Web Information Systems Engineering},
  pages={136--150},
  year={2008},
  organization={Springer}
}

@inproceedings{gabrilovich2007computing,
  title={Computing semantic relatedness using Wikipedia-based explicit semantic analysis.},
  author={Gabrilovich, Evgeniy and Markovitch, Shaul},
  booktitle={IJcAI},
  volume={7},
  pages={1606--1611},
  year={2007}
}

@article{mikolov2013efficient,
  title={Efficient estimation of word representations in vector space},
  author={Mikolov, Tomas and Chen, Kai and Corrado, Greg and Dean, Jeffrey},
  year={2013}
}

@inproceedings{paterson1994longest,
  title={Longest common subsequences},
  author={Paterson, Mike and Dan{\v{c}}{\'\i}k, Vlado},
  booktitle={International Symposium on Mathematical Foundations of Computer Science},
  pages={127--142},
  year={1994},
  organization={Springer}
}


@article{fuhr1989optimum,
  title={Optimum polynomial retrieval functions based on the probability ranking principle},
  author={Fuhr, Norbert},
  journal={ACM Transactions on Information Systems (TOIS)},
  volume={7},
  number={3},
  pages={183--204},
  year={1989},
  publisher={ACM}
}

@article{crammer2001algorithmic,
  title={On the algorithmic implementation of multiclass kernel-based vector machines},
  author={Crammer, Koby and Singer, Yoram},
  journal={Journal of machine learning research},
  volume={2},
  number={Dec},
  pages={265--292},
  year={2001}
}

@inproceedings{li2007mcrank,
  title={Mcrank: Learning to rank using multiple classification and gradient boosting},
  author={Li, Ping and Wu, Qiang and Burges, Christopher J},
  booktitle={Advances in neural information processing systems},
  pages={897--904},
  year={2007}
}

@article{freund2003efficient,
  title={An efficient boosting algorithm for combining preferences},
  author={Freund, Yoav and Iyer, Raj and Schapire, Robert E and Singer, Yoram},
  journal={Journal of machine learning research},
  volume={4},
  number={Nov},
  pages={933--969},
  year={2003}
}

@inproceedings{joachims2002optimizing,
  title={Optimizing search engines using clickthrough data},
  author={Joachims, Thorsten},
  booktitle={Proceedings of the eighth ACM SIGKDD international conference on Knowledge discovery and data mining},
  pages={133--142},
  year={2002},
  organization={ACM}
}

@inproceedings{tsai2007frank,
  title={FRank: a ranking method with fidelity loss},
  author={Tsai, Ming-Feng and Liu, Tie-Yan and Qin, Tao and Chen, Hsin-Hsi and Ma, Wei-Ying},
  booktitle={Proceedings of the 30th annual international ACM SIGIR conference on Research and development in information retrieval},
  pages={383--390},
  year={2007},
  organization={ACM}
}

@inproceedings{cao2007learning,
  title={Learning to rank: from pairwise approach to listwise approach},
  author={Cao, Zhe and Qin, Tao and Liu, Tie-Yan and Tsai, Ming-Feng and Li, Hang},
  booktitle={Proceedings of the 24th international conference on Machine learning},
  pages={129--136},
  year={2007},
  organization={ACM}
}

@inproceedings{yu2005svm,
  title={SVM selective sampling for ranking with application to data retrieval},
  author={Yu, Hwanjo},
  booktitle={Proceedings of the eleventh ACM SIGKDD international conference on Knowledge discovery in data mining},
  pages={354--363},
  year={2005},
  organization={ACM}
}

@inproceedings{taylor2008softrank,
  title={Softrank: optimizing non-smooth rank metrics},
  author={Taylor, Michael and Guiver, John and Robertson, Stephen and Minka, Tom},
  booktitle={Proceedings of the 2008 International Conference on Web Search and Data Mining},
  pages={77--86},
  year={2008},
  organization={ACM}
}

@inproceedings{xia2008listwise,
  title={Listwise approach to learning to rank: theory and algorithm},
  author={Xia, Fen and Liu, Tie-Yan and Wang, Jue and Zhang, Wensheng and Li, Hang},
  booktitle={Proceedings of the 25th international conference on Machine learning},
  pages={1192--1199},
  year={2008},
  organization={ACM}
}

@article{friedman2002stochastic,
  title={Stochastic gradient boosting},
  author={Friedman, Jerome H},
  journal={Computational Statistics \& Data Analysis},
  volume={38},
  number={4},
  pages={367--378},
  year={2002},
  publisher={Elsevier}
}

@article{tsatsaronis2010text,
  title={Text relatedness based on a word thesaurus},
  author={Tsatsaronis, George and Varlamis, Iraklis and Vazirgiannis, Michalis},
  journal={Journal of Artificial Intelligence Research},
  volume={37},
  number={1},
  pages={1--40},
  year={2010}
}

@inproceedings{kennedy2008evaluating,
  title={Evaluating Roget's Thesauri.},
  author={Kennedy, Alistair and Szpakowicz, Stan},
  booktitle={ACL},
  pages={416--424},
  year={2008}
}

@article{jarvelin2002cumulated,
  title={Cumulated gain-based evaluation of IR techniques},
  author={J{\"a}rvelin, Kalervo and Kek{\"a}l{\"a}inen, Jaana},
  journal={ACM Transactions on Information Systems (TOIS)},
  volume={20},
  number={4},
  pages={422--446},
  year={2002},
  publisher={ACM}
}

@book{introduction2IR,
  author = {Manning, Christopher and Raghavan, Prabhakar and Schütze, Hinrich},
  description = {Introduction to Information Retrieval},
  note = {ISBN: 0521865719},
  title = {Introduction to Information Retrieval},
  year = 2008,
  chapter = 8,
  pages = "151-175"
}
